% Encoding: UTF-8
@book{Booth03,
   title = {The craft of research},
   author = {Booth, W. C. and Colomb, G. G. and Williams, J. M.},
   series = {Chicago guides to writing, editing, and publishing},
   publisher = {University of Chicago press},
   address = {Chicago},
   url = {http://opac.inria.fr/record=b1122189},
   isbn = {0-226-06567-7},
   year = {2003}
}

@book{katz2009,
  title={From Research to Manuscript: A Guide to Scientific Writing},
  author={Katz, M.J.},
  isbn={9781402094675},
  lccn={2008940867},
  url={http://books.google.com.br/books?id=8f7yxf6qBgoC},
  year={2009},
  publisher={Springer}
}

@book{Denscombe2012,
  title={Research Proposals: A Practical Guide: A Practical Guide},
  author={Denscombe, M.},
  isbn={9780335244065},
  lccn={89022580},
  series={Open UP study skills},
  url={http://books.google.com.br/books?id=0WyCHwJfRjcC},
  year={2012},
  publisher={Open University Press}
}
@Manual{NBR6023:2002,
  title        = {{NBR} 6023},
  author       = {ABNT},
  organization = {Associa{\c c}\~ao  Brasileira de Normas TÉcnicas},
  address      = {Rio de Janeiro},
  month        = aug,
  year         = {2002},
  org-short    = {ABNT},
  pages        = {24},
  subtitle     = {Informação e documentação - Referências - Elaboração}
}

@Manual{NBR14724:2011,
  title        = {{ABNT NBR} 14724:2011},
  organization = {Associa{\c c}\~ao  Brasileira de Normas TÉcnicas},
  address      = {Rio de Janeiro},
  month        = mar,
  year         = {2011},
  org-short    = {ABNT},
  pages        = {15},
  subtitle     = {Informação e documentação -- Trabalhos acadêmicos -- Apresentação},
}

@Manual{NBR6028:2003,
  title        = {{ABNT NBR} 6028:2003},
  organization = {Associa{\c c}\~ao  Brasileira de Normas TÉcnicas},
  address      = {Rio de Janeiro},
  month        = nov,
  year         = {2003},
  org-short    = {ABNT},
  pages        = {2},
  subtitle     = {Informação e documentação -- Resumo -- Apresentação},
}

@Book{marconi2003,
  title     = {Fundamentos de Metodologia Científica},
  publisher = {Atlas},
  year      = {2003},
  author    = {Marconi, Marina de Andrade and Lakatos, Eva Maria},
  address   = {São Paulo},
  edition   = {5. ed.},
}

@Book{Rampazzo2005,
  title         = {Metodologia cient{\'\i}fica},
  publisher     = {Edi{\c{c}}{\~o}es Loyola},
  year          = {2005},
  author        = {Rampazzo, L.},
  isbn          = {9788515024988},
 }
 
 @Book{Carvalho1989,
  title         = {Construindo o saber: t{\'e}cnicas de metodologia cient{\'\i}fica},
  publisher     = {Papirus Editora},
  year          = {1989},
  author        = {de Carvalho, M.C.M.},
  isbn          = {9788530800710},
}

@Comment{jabref-meta: databaseType:bibtex;}
